<record><leader>00000cas a22000007a 4500</leader><controlfield tag="001">23188791</controlfield><controlfield tag="008">910305d19361936nyuwr ne      0    0eng d</controlfield><datafield ind1=" " ind2=" " tag="010"><subfield code="a">sn 91066007 </subfield></datafield><datafield ind1=" " ind2=" " tag="040"><subfield code="a">NYS</subfield><subfield code="b">eng</subfield><subfield code="c">NYS</subfield><subfield code="d">OCLCQ</subfield></datafield><datafield ind1=" " ind2=" " tag="042"><subfield code="a">msc</subfield></datafield><datafield ind1="0" ind2="0" tag="245"><subfield code="a">Pawling-Patterson news and the Dover-Wingdale news combined, the Pawling chronicle.</subfield></datafield><datafield ind1=" " ind2=" " tag="260"><subfield code="a">Pawling, N.Y. :</subfield><subfield code="b">Ray F. Dalzell,</subfield><subfield code="c">1936.</subfield></datafield><datafield ind1=" " ind2=" " tag="300"><subfield code="a">1 v.</subfield></datafield><datafield ind1=" " ind2=" " tag="310"><subfield code="a">Weekly</subfield></datafield><datafield ind1="0" ind2=" " tag="362"><subfield code="a">Vol. 35, no. 25 (June 11, 1936).</subfield></datafield><datafield ind1=" " ind2="4" tag="651"><subfield code="a">Pawling (N.Y.)</subfield><subfield code="v">Newspapers.</subfield></datafield><datafield ind1=" " ind2="4" tag="651"><subfield code="a">Patterson (N.Y.)</subfield><subfield code="v">Newspapers.</subfield></datafield><datafield ind1=" " ind2="4" tag="651"><subfield code="a">Dover (N.Y.)</subfield><subfield code="v">Newspapers.</subfield></datafield><datafield ind1=" " ind2="4" tag="651"><subfield code="a">Wingdale (N.Y.)</subfield><subfield code="v">Newspapers.</subfield></datafield><datafield ind1=" " ind2=" " tag="752"><subfield code="a">United States</subfield><subfield code="b">New York</subfield><subfield code="c">Dutchess</subfield><subfield code="d">Pawling.</subfield></datafield><datafield ind1=" " ind2=" " tag="752"><subfield code="a">United States</subfield><subfield code="b">New York</subfield><subfield code="c">Putnam</subfield><subfield code="d">Patterson.</subfield></datafield><datafield ind1=" " ind2=" " tag="752"><subfield code="a">United States</subfield><subfield code="b">New York</subfield><subfield code="c">Dutchess</subfield><subfield code="d">Dover.</subfield></datafield><datafield ind1=" " ind2=" " tag="752"><subfield code="a">United States</subfield><subfield code="b">New York</subfield><subfield code="c">Dutchess</subfield><subfield code="d">Wingdale.</subfield></datafield><datafield ind1="0" ind2="4" tag="780"><subfield code="t">Pawling-Patterson news and the Dover-Wingdale news combined</subfield><subfield code="w">(DLC)sn 89071114</subfield><subfield code="w">(OCoLC)19247682</subfield></datafield><datafield ind1="0" ind2="4" tag="780"><subfield code="t">Pawling chronicle</subfield><subfield code="w">(DLC)sn 85042784</subfield><subfield code="w">(OCoLC)12852504</subfield></datafield><datafield ind1="0" ind2="0" tag="785"><subfield code="t">Pawling-Patterson news-chronicle (Pawling, N.Y. : 1936)</subfield><subfield code="w">(DLC)sn 89071115</subfield><subfield code="w">(OCoLC)19247859</subfield></datafield><datafield ind1="1" ind2=" " tag="029"><subfield code="a">AU@</subfield><subfield code="b">000025901807</subfield></datafield></record>